@ARTICLE{Shapiro,
   author = {{Shapiro}, I.~I.},
    title = "{Fourth Test of General Relativity}",
  journal = {Physical Review Letters},
     year = 1964,
    month = dec,
   volume = 13,
    pages = {789-791},
      doi = {10.1103/PhysRevLett.13.789},
   adsurl = {http://adsabs.harvard.edu/abs/1964PhRvL..13..789S},
  adsnote = {Provided by the SAO/NASA Astrophysics Data System},
    note = "\url{http://adsabs.harvard.edu/abs/1964PhRvL..13..789S},
            \url{https://en.wikipedia.org/wiki/Shapiro_delay}"
}

@ARTICLE{Guetlich,
   author = {{Guetlich}, A. K.},
    title = "{Mössbauer Spectroscopy – Principles and Applications}",
  journal = {Johannes Gutenberg-Universität Mainz},
     year = 2005,
    month = dec,
   volume = 13,
    pages = {789-791},
      doi = {10.1103/PhysRevLett.13.789},
   adsurl = {http://adsabs.harvard.edu/abs/1964PhRvL..13..789S},
  adsnote = {Provided by the SAO/NASA Astrophysics Data System},
    note = "\url{http://www.ak-guetlich.chemie.uni-mainz.de/Dateien/Moessbauer_Lectures.pdf}",
}

@article{Muon_Proton_Electrophobic_PhysRevLett.117.101801,
  title = {Electrophobic Scalar Boson and Muonic Puzzles},
  author = {Liu, Yu-Sheng and McKeen, David and Miller, Gerald A.},
  journal = {Phys. Rev. Lett.},
  volume = {117},
  issue = {10},
  pages = {101801},
  numpages = {6},
  year = {2016},
  month = {Sep},
  publisher = {American Physical Society},
  doi = {10.1103/PhysRevLett.117.101801},
  url = {http://link.aps.org/doi/10.1103/PhysRevLett.117.101801},
  note = "\url{https://arxiv.org/abs/1605.04612},
          \url{http://journals.aps.org/prl/abstract/10.1103/PhysRevLett.117.101801}",
}


@ARTICLE{Gravity_due_bosonic_mass_2016arXiv160905917M,
   author = {{McGaugh}, S. and {Lelli}, F. and {Schombert}, J.},
    title = "{The Radial Acceleration Relation in Rotationally Supported Galaxies}",
  journal = {ArXiv e-prints},
archivePrefix = "arXiv",
   eprint = {1609.05917},
 keywords = {Astrophysics - Astrophysics of Galaxies},
     year = 2016,
    month = sep,
   adsurl = {http://adsabs.harvard.edu/abs/2016arXiv160905917M},
  adsnote = {Provided by the SAO/NASA Astrophysics Data System},
  note    = "\url{https://arxiv.org/abs/1609.05917}",
}





@article{Physics.4.38,
  title = {The carbon challenge},
  author = {Hjorth-Jensen, Morten},
  journal = {Physics},
  volume = {4},
  issue = {},
  pages = {38},
  numpages = {1},
  year = {2011},
  month = {May},
  publisher = {American Physical Society},
  doi = {10.1103/Physics.4.38},
  url = {http://link.aps.org/doi/10.1103/Physics.4.38},
}
